% LIGO %
@ARTICLE{aLIGO,
   author = {{The LIGO Scientific Collaboration} and {Aasi}, J. and {Abbott},
B.~P. and 
	{Abbott}, R. and et al.},
    title = "{Advanced LIGO}",
  journal = {\cqg},
archivePrefix = "arXiv",
   eprint = {1411.4547},
 primaryClass = "gr-qc",
     year = 2015,
    month = apr,
   volume = 32,
   number = 7,
      eid = {074001},
    pages = {074001},
      doi = {10.1088/0264-9381/32/7/074001},
   adsurl = {http://adsabs.harvard.edu/abs/2015CQGra..32g4001T},
  adsnote = {Provided by the SAO/NASA Astrophysics Data System}
}

% Virgo %
@ARTICLE{AdVirgo,
   author = {{Acernese}, F. and et al.},
    title = "{Advanced Virgo: a second-generation interferometric gravitational
wave detector}",
  journal = {\cqg},
archivePrefix = "arXiv",
   eprint = {1408.3978},
 primaryClass = "gr-qc",
     year = 2015,
    month = jan,
   volume = 32,
   number = 2,
      eid = {024001},
    pages = {024001},
      doi = {10.1088/0264-9381/32/2/024001},
   adsurl = {http://adsabs.harvard.edu/abs/2015CQGra..32b4001A},
  adsnote = {Provided by the SAO/NASA Astrophysics Data System}
}

% Kagra %
@ARTICLE{2013PhRvD..88d3007A,
   author = {{Aso}, Y. and {Michimura}, Y. and {Somiya}, K. and {Ando}, M. and 
	{Miyakawa}, O. and {Sekiguchi}, T. and {Tatsumi}, D. and {Yamamoto}, H.
	},
    title = "{Interferometer design of the KAGRA gravitational wave detector}",
  journal = {\prd},
archivePrefix = "arXiv",
   eprint = {1306.6747},
 primaryClass = "gr-qc",
 keywords = {Gravitational radiation detectors, mass spectrometers, and other instrumentation and techniques, Resonators cavities amplifiers arrays and rings},
     year = 2013,
    month = aug,
   volume = 88,
   number = 4,
      eid = {043007},
    pages = {043007},
      doi = {10.1103/PhysRevD.88.043007},
   adsurl = {http://adsabs.harvard.edu/abs/2013PhRvD..88d3007A},
  adsnote = {Provided by the SAO/NASA Astrophysics Data System}
}

% cosmic explorer %
@ARTICLE{2017CQGra..34d4001A,
   author = {{Abbott}, B.~P. and {Abbott}, R. and {Abbott}, T.~D. and {Abernathy}, M.~R. and 
	{Ackley}, K. and {Adams}, C. and {Addesso}, P. and {Adhikari}, R.~X. and 
	{Adya}, V.~B. and {Affeldt}, C. and et al.},
    title = "{Exploring the sensitivity of next generation gravitational wave detectors}",
  journal = {Classical and Quantum Gravity},
archivePrefix = "arXiv",
   eprint = {1607.08697},
 primaryClass = "astro-ph.IM",
     year = 2017,
    month = feb,
   volume = 34,
   number = 4,
      eid = {044001},
    pages = {044001},
      doi = {10.1088/1361-6382/aa51f4},
   adsurl = {http://adsabs.harvard.edu/abs/2017CQGra..34d4001A},
  adsnote = {Provided by the SAO/NASA Astrophysics Data System}
}

% Einstein telescope %
@article{0264-9381-27-19-194002,
  author={M Punturo and M Abernathy and F Acernese and B Allen and N Andersson and K Arun and F Barone and B Barr and M Barsuglia and M Beker and others},
  title={The Einstein Telescope: a third-generation gravitational wave observatory},
  journal={Classical and Quantum Gravity},
  volume={27},
  number={19},
  pages={194002},
  url={http://stacks.iop.org/0264-9381/27/i=19/a=194002},
  year={2010},
  abstract={}
}

% LALInference %
@ARTICLE{veitch:15,
   author = {{Veitch}, J. and {Raymond}, V. and {Farr}, B. and {Farr}, W. and 
	{Graff}, P. and {Vitale}, S. and {Aylott}, B. and {Blackburn}, K. and 
	{Christensen}, N. and {Coughlin}, M. and {Del Pozzo}, W. and 
	{Feroz}, F. and {Gair}, J. and {Haster}, C.-J. and {Kalogera}, V. and 
	{Littenberg}, T. and {Mandel}, I. and {O'Shaughnessy}, R. and 
	{Pitkin}, M. and {Rodriguez}, C. and {R{\"o}ver}, C. and {Sidery}, T.
and 
	{Smith}, R. and {Van Der Sluys}, M. and {Vecchio}, A. and {Vousden}, W.
and 
	{Wade}, L.},
    title = "{Parameter estimation for compact binaries with ground-based
gravitational-wave observations using the LALInference software library}",
  journal = {\prd},
archivePrefix = "arXiv",
   eprint = {1409.7215},
 primaryClass = "gr-qc",
 keywords = {Inference methods, Gravitational waves: theory, Gravitational
radiation magnetic fields and other observations},
     year = 2015,
    month = feb,
   volume = 91,
   number = 4,
      eid = {042003},
    pages = {042003},
      doi = {10.1103/PhysRevD.91.042003},
   adsurl = {http://adsabs.harvard.edu/abs/2015PhRvD..91d2003V},
  adsnote = {Provided by the SAO/NASA Astrophysics Data System}
}

%%%% scikit learn
@article{scikit-learn,
	Author = {Pedregosa, F. and Varoquaux, G. and Gramfort, A. and Michel, V. and Thirion, B. and Grisel, O. and Blondel, M. and Prettenhofer, P. and Weiss, R. and Dubourg, V. and Vanderplas, J. and Passos, A. and Cournapeau, D. and Brucher, M. and Perrot, M. and Duchesnay, E.},
	Date-Added = {2015-01-07 16:26:59 +0000},
	Date-Modified = {2015-01-07 16:26:59 +0000},
	Journal = {Journal of Machine Learning Research},
	Pages = {2825--2830},
	Title = {{Scikit-learn: Machine Learning in Python }},
	Volume = {12},
	Year = {2011}}

%%%% nested sampling
@article{2010PhRvD..81f2003V,
	Adsnote = {Provided by the SAO/NASA Astrophysics Data System},
	Adsurl = {http://adsabs.harvard.edu/abs/2010PhRvD..81f2003V},
	Archiveprefix = {arXiv},
	Author = {{Veitch}, J. and {Vecchio}, A.},
	Doi = {10.1103/PhysRevD.81.062003},
	Eid = {062003},
	Eprint = {0911.3820},
	Journal = {\prd},
	Keywords = {Gravitational wave detectors and experiments, General statistical methods, Applications of Monte Carlo methods},
	Month = mar,
	Number = 6,
	Pages = {062003},
	Primaryclass = {astro-ph.CO},
	Title = {{Bayesian coherent analysis of in-spiral gravitational wave signals with a detector network}},
	Volume = 81,
	Year = 2010,
	Bdsk-Url-1 = {http://dx.doi.org/10.1103/PhysRevD.81.062003}}

%%%% machine learn detchar
@article{2013PhRvD..88f2003B,
	Adsnote = {Provided by the SAO/NASA Astrophysics Data System},
	Adsurl = {http://adsabs.harvard.edu/abs/2013PhRvD..88f2003B},
	Archiveprefix = {arXiv},
	Author = {{Biswas}, R. and others},
	Eid = {062003},
	Eprint = {1303.6984},
	Journal = {\prd},
	Keywords = {Gravitational wave detectors and experiments, Neural networks fuzzy logic artificial intelligence, Data analysis: algorithms and implementation, data management},
	Month = sep,
	Number = 6,
	Pages = {062003},
	Primaryclass = {astro-ph.IM},
	Title = {{Application of machine learning algorithms to the study of noise artifacts in gravitational-wave data}},
	Volume = 88,
	Year = 2013,
	Bdsk-Url-1 = {http://dx.doi.org/10.1103/PhysRevD.88.062003}}

%%%% vetos
@ARTICLE{2013CQGra..30o5010E,
   author = {{Essick}, R. and {Blackburn}, L. and {Katsavounidis}, E.},
    title = "{Optimizing vetoes for gravitational-wave transient searches}",
  journal = {Classical and Quantum Gravity},
archivePrefix = "arXiv",
   eprint = {1303.7159},
 primaryClass = "astro-ph.IM",
     year = 2013,
    month = aug,
   volume = 30,
   number = 15,
      eid = {155010},
    pages = {155010},
      doi = {10.1088/0264-9381/30/15/155010},
   adsurl = {http://adsabs.harvard.edu/abs/2013CQGra..30o5010E},
  adsnote = {Provided by the SAO/NASA Astrophysics Data System}
}

%%%% GW150914 detection paper
@article{GW150914,
  title = {Observation of Gravitational Waves from a Binary Black Hole Merger},
  author = {Abbott, B. P. and others},
  collaboration = {LIGO Scientific Collaboration and Virgo Collaboration},
  journal = {Phys. Rev. Lett.},
  volume = {116},
  issue = {6},
  pages = {061102},
  numpages = {16},
  year = {2016},
  month = {Feb},
  publisher = {American Physical Society},
  doi = {10.1103/PhysRevLett.116.061102},
  url = {http://link.aps.org/doi/10.1103/PhysRevLett.116.061102}
}

%%%% gstlal
@ARTICLE{cannon:12,
   author = {{Cannon}, K. and others},
    title = "{Toward Early-warning Detection of Gravitational Waves from Compact
Binary Coalescence}",
  journal = {\apj},
archivePrefix = "arXiv",
   eprint = {1107.2665},
 primaryClass = "astro-ph.IM",
 keywords = {gamma-ray burst: general, gravitational waves, methods: data
analysis, methods: numerical},
     year = 2012,
    month = apr,
   volume = 748,
      eid = {136},
    pages = {136},
      doi = {10.1088/0004-637X/748/2/136},
   adsurl = {http://ukads.nottingham.ac.uk/abs/2012ApJ...748..136C},
  adsnote = {Provided by the SAO/NASA Astrophysics Data System}
}

%%%% glitch classification
@ARTICLE{powell:15,
   author = {{Powell}, J. and {Trifir{\`o}}, D. and {Cuoco}, E. and {Heng}, I.~S. and 
	{Cavagli{\`a}}, M.},
    title = "{Classification methods for noise transients in advanced gravitational-wave detectors}",
  journal = {\cqg},
archivePrefix = "arXiv",
   eprint = {1505.01299},
 primaryClass = "astro-ph.IM",
     year = 2015,
    month = nov,
   volume = 32,
   number = 21,
      eid = {215012},
    pages = {215012},
      doi = {10.1088/0264-9381/32/21/215012},
   adsurl = {http://adsabs.harvard.edu/abs/2015CQGra..32u5012P},
  adsnote = {Provided by the SAO/NASA Astrophysics Data System}
}

%%%% glitch classification
@ARTICLE{powell:16,
   author = {{Powell}, J. and {Torres-Forn{\'e}}, A. and {Lynch}, R. and 
	{Trifir{\`o}}, D. and {Cuoco}, E. and {Cavagli{\`a}}, M. and 
	{Heng}, I.~S. and {Font}, J.~A.},
    title = "{Classification methods for noise transients in advanced gravitational-wave detectors II: performance tests on Advanced LIGO data}",
  journal = {Classical and Quantum Gravity},
archivePrefix = "arXiv",
   eprint = {1609.06262},
 primaryClass = "astro-ph.IM",
     year = 2017,
    month = feb,
   volume = 34,
   number = 3,
      eid = {034002},
    pages = {034002},
      doi = {10.1088/1361-6382/34/3/034002},
   adsurl = {http://adsabs.harvard.edu/abs/2017CQGra..34c4002P},
  adsnote = {Provided by the SAO/NASA Astrophysics Data System}
}

%%%%% cWB
@ARTICLE{2016PhRvD..93d2004K,
   author = {{Klimenko}, S. and others},
    title = "{Method for detection and reconstruction of gravitational wave transients with networks of advanced detectors}",
  journal = {\prd},
archivePrefix = "arXiv",
   eprint = {1511.05999},
 primaryClass = "gr-qc",
     year = 2016,
    month = feb,
   volume = 93,
   number = 4,
      eid = {042004},
    pages = {042004},
      doi = {10.1103/PhysRevD.93.042004},
   adsurl = {http://adsabs.harvard.edu/abs/2016PhRvD..93d2004K},
  adsnote = {Provided by the SAO/NASA Astrophysics Data System}
}

%%%% cWB
@article{0264-9381-25-11-114029,
  author={S Klimenko and others},
  title={A coherent method for detection of gravitational wave bursts},
  journal={Classical and Quantum Gravity},
  volume={25},
  number={11},
  pages={114029},
  url={http://stacks.iop.org/0264-9381/25/i=11/a=114029},
  year={2008},
  abstract={}
}

%%%%% boxing day paper
@article{GW151226,
  title = {{GW151226: Observation of Gravitational Waves from a 22-Solar-Mass Binary Black Hole Coalescence}},
  author = {Abbott, B. P. and others},
  collaboration = {LIGO Scientific Collaboration and Virgo Collaboration},
  journal = {Phys. Rev. Lett.},
  volume = {116},
  issue = {24},
  pages = {241103},
  numpages = {14},
  year = {2016},
  month = {Jun},
  publisher = {American Physical Society},
  doi = {10.1103/PhysRevLett.116.241103},
  url = {http://link.aps.org/doi/10.1103/PhysRevLett.116.241103}
}

%%%% matched filtering
@article{Allen:2005cz,
  title = {FINDCHIRP: An algorithm for detection of gravitational waves from inspiraling compact binaries},
  author = {Allen, Bruce and Anderson, Warren G. and Brady, Patrick R. and Brown, Duncan A. and Creighton, Jolien D. E.},
  journal = {Phys. Rev. D},
  volume = {85},
  issue = {12},
  pages = {122006},
  numpages = {19},
  year = {2012},
  month = {Jun},
  publisher = {American Physical Society},
  doi = {10.1103/PhysRevD.85.122006},
  url = {https://link.aps.org/doi/10.1103/PhysRevD.85.122006}
}

%%% BIC
@techreport{Bhat:2010,
	Author = {Bhat, H.S. and Kumar, N.},
	Date-Added = {2015-01-07 16:26:59 +0000},
	Date-Modified = {2015-01-07 16:26:59 +0000},
	Title = {{On the Derivation of the Bayesian Information Criterion}},
	Url = {http://nscs00.ucmerced.edu/~nkumar4/BhatKumarBIC.pdf},
	Year = {2010},
	Bdsk-Url-1 = {http://nscs00.ucmerced.edu/~nkumar4/BhatKumarBIC.pdf}}

%%%%% glitch classes document
@article{classes,
  title = {{aLIGO Glitch Classes Seen So Far}},
  author = {Smith, J.},
  url = {https://dcc.ligo.org/LIGO-G1500642/public}
}

%%% Omicron 
@article{Omicron,
  author = {Robinet, F.}, 
  title = {Omicron: an algorithm to detect and characterize transient events in gravitational-wave detectors },
  year = {2015},
  url = { https://tds.ego-gw.it/ql/?c=10651}
}

%%%% dictionary learning paper
@article{dictlearn,
	Author = {A. Torres-Forn\'e and A. Marquina and J.A. Font and J.M. Ib\'anez},
	Title = {{Denoising of gravitational wave signals via dictionary learning algorithms}},
	Year = {2016}
}

%%%% gravity spy
@ARTICLE{gravityspy,
  author={M Zevin and S Coughlin and S Bahaadini and E Besler and N Rohani and S Allen and M Cabero and K Crowston and A K Katsaggelos and S L
Larson and T K Lee and C Lintott and T B Littenberg and A Lundgren and C Østerlund and J R Smith and L Trouille and V Kalogera},
  title={{Gravity Spy: integrating advanced LIGO detector characterization, machine learning, and citizen science}},
  journal={Classical and Quantum Gravity},
  volume={34},
  number={6},
  pages={064003},
  url={http://stacks.iop.org/0264-9381/34/i=6/a=064003},
  year={2017},
  abstract={}
}

%%%% pycbc
@ARTICLE{2016CQGra..33u5004U,
   author = {{Usman}, S.~A. and {Nitz}, A.~H. and {Harry}, I.~W. and {Biwer}, C.~M. and 
	{Brown}, D.~A. and {Cabero}, M. and {Capano}, C.~D. and {Dal Canton}, T. and 
	{Dent}, T. and {Fairhurst}, S. and {Kehl}, M.~S. and {Keppel}, D. and 
	{Krishnan}, B. and {Lenon}, A. and {Lundgren}, A. and {Nielsen}, A.~B. and 
	{Pekowsky}, L.~P. and {Pfeiffer}, H.~P. and {Saulson}, P.~R. and 
	{West}, M. and {Willis}, J.~L.},
    title = "{The PyCBC search for gravitational waves from compact binary coalescence}",
  journal = {Classical and Quantum Gravity},
archivePrefix = "arXiv",
   eprint = {1508.02357},
 primaryClass = "gr-qc",
     year = 2016,
    month = nov,
   volume = 33,
   number = 21,
      eid = {215004},
    pages = {215004},
      doi = {10.1088/0264-9381/33/21/215004},
   adsurl = {http://adsabs.harvard.edu/abs/2016CQGra..33u5004U},
  adsnote = {Provided by the SAO/NASA Astrophysics Data System}
}

%%%% Lisa pathfinder
@article{pathfinder,
  author={{P McNamara and S Vitale and K Danzmann and on behalf of the LISA Pathfinder Science Working Team}},
  title={{LISA Pathfinder}},
  journal={Classical and Quantum Gravity},
  volume={25},
  number={11},
  pages={114034},
  url={http://stacks.iop.org/0264-9381/25/i=11/a=114034},
  year={2008},
}

%%%% Lisa pathfinder results
@article{pathfinderresults,
  title = {{Sub-Femto-$g$ Free Fall for Space-Based Gravitational Wave Observatories: LISA Pathfinder Results}},
  author = {Armano, M. and others},
  journal = {Phys. Rev. Lett.},
  volume = {116},
  issue = {23},
  pages = {231101},
  numpages = {10},
  year = {2016},
  month = {Jun},
  publisher = {American Physical Society},
  doi = {10.1103/PhysRevLett.116.231101},
  url = {https://link.aps.org/doi/10.1103/PhysRevLett.116.231101}
}

%%%% Lisa
@article{Lisa,
  author={Bender P and others},
  title={{LISA} Pre-Phase A Report},
  journal={Unpublished},
  volume={},
  number={},
  pages={},
  year={1998},
}

%%%% Multinest 
@ARTICLE{multinest,
   author = {{Feroz}, F. and {Hobson}, M.~P. and {Cameron}, E. and {Pettitt}, A.~N.
	},
    title = "{Importance Nested Sampling and the MultiNest Algorithm}",
  journal = {ArXiv e-prints},
archivePrefix = "arXiv",
   eprint = {1306.2144},
 primaryClass = "astro-ph.IM",
 keywords = {Astrophysics - Instrumentation and Methods for Astrophysics, Physics - Data Analysis, Statistics and Probability, Statistics - Computation},
     year = 2013,
    month = jun,
   adsurl = {http://adsabs.harvard.edu/abs/2013arXiv1306.2144F},
  adsnote = {Provided by the SAO/NASA Astrophysics Data System}
}

%%% all O1 CBC results paper 
@ARTICLE{2016PhRvX...6d1015A,
   author = {{Abbott}, B.~P. and {Abbott}, R. and {Abbott}, T.~D. and {Abernathy}, M.~R. and 
	{Acernese}, F. and {Ackley}, K. and {Adams}, C. and {Adams}, T. and 
	{Addesso}, P. and {Adhikari}, R.~X. and et al.},
    title = "{Binary Black Hole Mergers in the First Advanced LIGO Observing Run}",
  journal = {Physical Review X},
archivePrefix = "arXiv",
   eprint = {1606.04856},
 primaryClass = "gr-qc",
     year = 2016,
    month = oct,
   volume = 6,
   number = 4,
      eid = {041015},
    pages = {041015},
      doi = {10.1103/PhysRevX.6.041015},
   adsurl = {http://adsabs.harvard.edu/abs/2016PhRvX...6d1015A},
  adsnote = {Provided by the SAO/NASA Astrophysics Data System}
}

%%% Bambi
@ARTICLE{2012MNRAS.421..169G,
   author = {{Graff}, P. and {Feroz}, F. and {Hobson}, M.~P. and {Lasenby}, A.
	},
    title = "{BAMBI: blind accelerated multimodal Bayesian inference}",
  journal = {\mnras},
archivePrefix = "arXiv",
   eprint = {1110.2997},
 primaryClass = "astro-ph.IM",
 keywords = {methods: data analysis, methods: statistical, cosmological parameters},
     year = 2012,
    month = mar,
   volume = 421,
    pages = {169-180},
      doi = {10.1111/j.1365-2966.2011.20288.x},
   adsurl = {http://adsabs.harvard.edu/abs/2012MNRAS.421..169G},
  adsnote = {Provided by the SAO/NASA Astrophysics Data System}
}

%%% multinest
@ARTICLE{2009MNRAS.398.1601F,
   author = {{Feroz}, F. and {Hobson}, M.~P. and {Bridges}, M.},
    title = "{MULTINEST: an efficient and robust Bayesian inference tool for cosmology and particle physics}",
  journal = {\mnras},
archivePrefix = "arXiv",
   eprint = {0809.3437},
 keywords = {methods: data analysis , methods: statistical},
     year = 2009,
    month = oct,
   volume = 398,
    pages = {1601-1614},
      doi = {10.1111/j.1365-2966.2009.14548.x},
   adsurl = {http://adsabs.harvard.edu/abs/2009MNRAS.398.1601F},
  adsnote = {Provided by the SAO/NASA Astrophysics Data System}
}

@article{AbEA2016g,
  author={{LIGO Scientific
Collaboration and Virgo Collaboration}},
  title={Characterization of transient noise in Advanced LIGO relevant to gravitational wave signal GW150914},
  journal={Classical and Quantum Gravity},
  volume={33},
  number={13},
  pages={134001},
  url={http://stacks.iop.org/0264-9381/33/i=13/a=134001},
  year={2016},
  abstract={On 14 September 2015, a gravitational wave signal from a coalescing black hole binary system was observed by the Advanced LIGO detectors. This paper describes the transient noise backgrounds used to determine the significance of the event (designated GW150914) and presents the results of investigations into potential correlated or uncorrelated sources of transient noise in the detectors around the time of the event. The detectors were operating nominally at the time of GW150914. We have ruled out environmental influences and non-Gaussian instrument noise at either LIGO detector as the cause of the observed gravitational wave signal.}
}

@inbook {Vas2001,
title = {Wiener Filters},
author = {Vaseghi, Saeed V.},
publisher = {John Wiley \& Sons, Ltd},
isbn = {9780470841624},
pages = {178--204},
booktitle = {Advanced Digital Signal Processing and Noise Reduction},
year = {2001}
}

@book{Say2003,
    author =    "A.~H.~Sayed",
    title =     "{Fundamentals of Adaptive Filtering}",
    publisher = "John Wiley \& Sons",
    year =      "2003"
}

@article{DeEA2012,
  author={Ryan DeRosa and Jennifer C Driggers and Dani Atkinson and Haixing Miao and Valery Frolov and Michael Landry and Joseph A Giaime and Rana X Adhikari},
  title={Global feed-forward vibration isolation in a km scale interferometer},
  journal={Classical and Quantum Gravity},
  volume={29},
  number={21},
  pages={215008},
  url={http://stacks.iop.org/0264-9381/29/i=21/a=215008},
  year={2012}
}

@article{CoMu2016,
  author={M Coughlin and N Mukund and J Harms and J Driggers and R Adhikari and S Mitra},
  title={Towards a first design of a Newtonian-noise cancellation system for Advanced LIGO},
  journal={Classical and Quantum Gravity},
  volume={33},
  number={24},
  pages={244001},
  url={http://stacks.iop.org/0264-9381/33/i=24/a=244001},
  year={2016},
  abstract={Newtonian gravitational noise from seismic fields is predicted to be a limiting noise source at low frequency for second generation gravitational-wave detectors. Mitigation of this noise will be achieved by Wiener filtering using arrays of seismometers deployed in the vicinity of all test masses. In this work, we present optimized configurations of seismometer arrays using a variety of simplified models of the seismic field based on seismic observations at LIGO Hanford. The model that best fits the seismic measurements leads to noise reduction limited predominantly by seismometer self-noise. A first simplified design of seismic arrays for Newtonian-noise cancellation at the LIGO sites is presented, which suggests that it will be sufficient to monitor surface displacement inside the buildings.}
}

% binary formation %
@article{0264-9381-27-11-114007,
  author={Ilya Mandel and Richard O'Shaughnessy},
  title={Compact binary coalescences in the band of ground-based gravitational-wave detectors},
  journal={Classical and Quantum Gravity},
  volume={27},
  number={11},
  pages={114007},
  url={http://stacks.iop.org/0264-9381/27/i=11/a=114007},
  year={2010},
  abstract={}
}
	
@ARTICLE{2017Natur.548..426F,
   author = {{Farr}, W.~M. and {Stevenson}, S. and {Miller}, M.~C. and {Mandel}, I. and 
	{Farr}, B. and {Vecchio}, A.},
    title = "{Distinguishing spin-aligned and isotropic black hole populations with gravitational waves}",
  journal = {Nature},
archivePrefix = "arXiv",
   eprint = {1706.01385},
 primaryClass = "astro-ph.HE",
     year = 2017,
    month = aug,
   volume = 548,
    pages = {426-429},
      doi = {10.1038/nature23453},
   adsurl = {http://adsabs.harvard.edu/abs/2017Natur.548..426F},
  adsnote = {Provided by the SAO/NASA Astrophysics Data System}
}

@ARTICLE{2017MNRAS.471.2801S,
   author = {{Stevenson}, S. and {Berry}, C.~P.~L. and {Mandel}, I.},
    title = "{Hierarchical analysis of gravitational-wave measurements of binary black hole spin-orbit misalignments}",
  journal = {\mnras},
archivePrefix = "arXiv",
   eprint = {1703.06873},
 primaryClass = "astro-ph.HE",
 keywords = {black hole physics, gravitational waves, methods: data analysis, stars: evolution},
     year = 2017,
    month = nov,
   volume = 471,
    pages = {2801-2811},
      doi = {10.1093/mnras/stx1764},
   adsurl = {http://adsabs.harvard.edu/abs/2017MNRAS.471.2801S},
  adsnote = {Provided by the SAO/NASA Astrophysics Data System}
}

@ARTICLE{2015ApJ...810...58S,
   author = {{Stevenson}, S. and {Ohme}, F. and {Fairhurst}, S.},
    title = "{Distinguishing Compact Binary Population Synthesis Models Using Gravitational Wave Observations of Coalescing Binary Black Holes}",
  journal = {\apj},
archivePrefix = "arXiv",
   eprint = {1504.07802},
 primaryClass = "astro-ph.HE",
 keywords = {binaries: close, gravitational waves, methods: data analysis, stars: black holes},
     year = 2015,
    month = sep,
   volume = 810,
      eid = {58},
    pages = {58},
      doi = {10.1088/0004-637X/810/1/58},
   adsurl = {http://adsabs.harvard.edu/abs/2015ApJ...810...58S},
  adsnote = {Provided by the SAO/NASA Astrophysics Data System}
}

@article{0264-9381-34-3-03LT01,
  author={Salvatore Vitale and Ryan Lynch and Riccardo Sturani and Philip Graff},
  title={Use of gravitational waves to probe the formation channels of compact binaries},
  journal={Classical and Quantum Gravity},
  volume={34},
  number={3},
  pages={03LT01},
  url={http://stacks.iop.org/0264-9381/34/i=3/a=03LT01},
  year={2017},
  abstract={}
}

@ARTICLE{2017PhRvD..95l4046G,
   author = {{Gerosa}, D. and {Berti}, E.},
    title = "{Are merging black holes born from stellar collapse or previous mergers?}",
  journal = {\prd},
archivePrefix = "arXiv",
   eprint = {1703.06223},
 primaryClass = "gr-qc",
     year = 2017,
    month = jun,
   volume = 95,
   number = 12,
      eid = {124046},
    pages = {124046},
      doi = {10.1103/PhysRevD.95.124046},
   adsurl = {http://adsabs.harvard.edu/abs/2017PhRvD..95l4046G},
  adsnote = {Provided by the SAO/NASA Astrophysics Data System}
}

% mass distribtions %
@ARTICLE{2018arXiv180102699T,
   author = {{Talbot}, C. and {Thrane}, E.},
    title = "{Measuring the Binary Black Hole Mass Spectrum with an Astrophysically Motivated Parameterization}",
  journal = {\apj},
archivePrefix = "arXiv",
   eprint = {1801.02699},
 primaryClass = "astro-ph.HE",
 keywords = {binaries: general, gravitational waves, stars: black holes, stars: evolution },
     year = 2018,
    month = apr,
   volume = 856,
      eid = {173},
    pages = {173},
      doi = {10.3847/1538-4357/aab34c},
   adsurl = {http://adsabs.harvard.edu/abs/2018ApJ...856..173T},
  adsnote = {Provided by the SAO/NASA Astrophysics Data System}
}

% machine learning CBC search 
@article{PhysRevLett.120.141103,
  title = {Matching Matched Filtering with Deep Networks for Gravitational-Wave Astronomy},
  author = {Gabbard, Hunter and Williams, Michael and Hayes, Fergus and Messenger, Chris},
  journal = {Phys. Rev. Lett.},
  volume = {120},
  issue = {14},
  pages = {141103},
  numpages = {6},
  year = {2018},
  month = {Apr},
  publisher = {American Physical Society},
  doi = {10.1103/PhysRevLett.120.141103},
  url = {https://link.aps.org/doi/10.1103/PhysRevLett.120.141103}
}

% glitch classification 
@article{PhysRevD.95.104059,
  title = {Transient classification in LIGO data using difference boosting neural network},
  author = {Mukund, N. and Abraham, S. and Kandhasamy, S. and Mitra, S. and Philip, N. S.},
  journal = {Phys. Rev. D},
  volume = {95},
  issue = {10},
  pages = {104059},
  numpages = {9},
  year = {2017},
  month = {May},
  publisher = {American Physical Society},
  doi = {10.1103/PhysRevD.95.104059},
  url = {https://link.aps.org/doi/10.1103/PhysRevD.95.104059}
}

% glitch classification 
@ARTICLE{2017arXiv170607446G,
   author = {{George}, D. and {Shen}, H. and {Huerta}, E.~A.},
    title = "{Deep Transfer Learning: A new deep learning glitch classification method for advanced LIGO}",
  journal = {ArXiv e-prints},
archivePrefix = "arXiv",
   eprint = {1706.07446},
 primaryClass = "gr-qc",
 keywords = {General Relativity and Quantum Cosmology, Astrophysics - Instrumentation and Methods for Astrophysics, Computer Science - Computer Vision and Pattern Recognition, Computer Science - Learning, Computer Science - Neural and Evolutionary Computing},
     year = 2017,
    month = jun,
   adsurl = {http://adsabs.harvard.edu/abs/2017arXiv170607446G},
  adsnote = {Provided by the SAO/NASA Astrophysics Data System}
}

% CBC search
@ARTICLE{2018PhLB..778...64G,
   author = {{George}, D. and {Huerta}, E.~A.},
    title = "{Deep Learning for real-time gravitational wave detection and parameter estimation: Results with Advanced LIGO data}",
  journal = {Physics Letters B},
archivePrefix = "arXiv",
   eprint = {1711.03121},
 primaryClass = "gr-qc",
 keywords = {Deep Learning, Convolutional neural networks, Gravitational waves, LIGO, Time-series signal processing, Classification and regression},
     year = 2018,
    month = mar,
   volume = 778,
    pages = {64-70},
      doi = {10.1016/j.physletb.2017.12.053},
   adsurl = {http://adsabs.harvard.edu/abs/2018PhLB..778...64G},
  adsnote = {Provided by the SAO/NASA Astrophysics Data System}
}


